%actual bibliography for the thesis
@inproceedings{ klee-paper,
    AUTHOR = {Cadar, Cristian and Dunbar, Daniel and Engler, Dawson},
    TITLE  = {KLEE: Unassisted and Automatic Generation of High-Coverage Tests
              for Complex Systems Programs},
    BOOKTITLE = {Proceedings of the 8th USENIX Symposium on Operating Systems
                 Design and Implementation},
    ORGANIZATION = {USENIX},
    PUBLISHER = {USENIX},
    YEAR   = {2008},
    ISBN   = {978-1-931971-65-2},
    ADDRESS = {Hollywood, CA},
}

@inproceedings{ symdrive-paper,
    AUTHOR = {Renzelmann, Matthew J. and Kadav, Asim and Swift, Michael M.},
    TITLE  = {SymDrive: Testing Drivers without Devices},
    BOOKTITLE = {Proceedings of the 10th USENIX Symposium on Operating Systems
                 Design and Implementation},
    ORGANIZATION = {USENIX},
    PUBLISHER = {USENIX},
    YEAR = {2012},
    ISBN = {978-1-931971-96-6},
    ADDRESS = {San Diego},
}

@inproceedings{ ioc-paper,
    AUTHOR = {Dietz, Will and Peng, Li and Regehr, John and Adve, Vikram},
    TITLE  = {Understanding Integer Overflow in C/C++},
    BOOKTITLE = {Proceedings of the 34th International Conference on Software
                 Engineering},
    ADDRESS   = {Zurich, Switzerland},
    YEAR      = {2012},
    ISBN         = {978-1-4673-1067-3},
    PUBLISHER    = {IEEE Press Piscataway, NJ, USA},
}

@inproceedings{ c9-paper,
    TITLE = {Cloud9: A Software Testing Service},
    AUTHOR = {Ciortea, Liviu and Zamfir, Cristian and Bucur, Stefan and
              Chipounov, Vitaly and Candea, George},
    YEAR   = {2009},
    BOOKTITLE = {Proceedings of 3rd SOSP Workshop on Large-Scale Distributed
                 Systems and Middleware},
    ADDRESS   = {Big Sky, MT},
}

@inproceedings{ MaCAN-paper,
    TITLE  = {MaCAN - Message Authenticated CAN},
    AUTHOR = {Hartkopp, Oliver and Reuber, Cornel and Schilling, Roland},
    YEAR   = {2012},
    BOOKTITLE = {ESCAR 2012},
    ADDRESS   = {Berlin, Germany},
}

@misc{ wllvm-patch,
    TITLE = {Email in klee-dev mailing list},
    URL = {http://mailman.ic.ac.uk/pipermail/klee-dev/2015-March/001010.html},
    URLDATE = {4.5.2015},
    AUTHOR = {Xie, Dingbao},
    HOWPUBLISHED = {klee-dev mailing list archive},
}

@misc{ overflow-merge,
    TITLE = {Merging commit},
    URL = {https://github.com/klee/klee/commit/a743d7072d9ccf11f96e3df45f25ad07da6ad9d6},
    URLDATE = {6.5.2015},
    HOWPUBLISHED = {KLEE's github page},
}

%examples taken over from template
@MISC{ CVUT-FEL:zaverecne-prace,
  AUTHOR = {Tichá, Ludmila and Civínová, Zdeňka and
            Morysková, Michaela and Trtíková, Ilona and
            Němečková, Lenka},
  TITLE  = {Jak psát vysokoškolské závěrečné práce},
  YEAR   = {2012},
  URL    = {http://knihovna.cvut.cz/studium/jak-psat-vskp/},
  URLDATE= {2012-12-13},
  MONTH  = {duben},
}

@MANUAL{ Patashnik88a,
  AUTHOR = {Patashnik, Oren},
  TITLE  = {{Bib\TeX}ing},
  YEAR   = {1988},
  MONTH  = jan,
}

@MISC{ bibtex8,
  AUTHOR = {Kempson, Niel and Aguilar-Sierra, Alejandro},
  TITLE  = {{Bib\TeX 8}},
  YEAR   = {1996},
  URL    = {http://www.ctan.org/tex-archive/biblio/bibtex/8-bit},
  URLDATE= {2012-12-13},
}

@MANUAL{ Chen86,
  AUTHOR = {Chen, Pehong},
  TITLE  = {Index Preparation and Processing},
  YEAR   = {1986},
}

@BOOK{ Rybicka02,
       AUTHOR = { Rybička, Jiří },
        TITLE = { {\LaTeX} pro začátečníky },
    PUBLISHER = { Konvoj },
         YEAR = { 2002 },
     KEYWORDS = { LaTeX, TeX, document preparation },
         ISBN = {80-7302-049-1},
      EDITION = {Edition 3},
}

@BOOK{ jemny,
  AUTHOR = {Michael Doob},
  TITLE  = {Jemný úvod do \TeX{}u},
  PUBLISHER = {CSTUG},
  YEAR   = {1997},
  URL    = {ftp://math.feld.cvut.cz/pub/cstex/doc/jemny.tar.gz},
}

@BOOK{ latexcompanion2nd,
  AUTHOR =    {Frank Mittelbach and Michel Goossens and Johannes Braams
               and David Carlisle and Chris Rowley},
  TITLE =     {{\LaTeX} Companion},
  PUBLISHER = {Addison-Wesley},
  YEAR =      {2004},
  MONTH =     apr,
  EDITION =   {Edition 2},
  PAGES =     {1120},
  ISBN =      {0-201-36299-6},
}

@BOOK{ tst,
  AUTHOR =    {Olšák, Petr},
  TITLE =     {Typografický systém {\TeX}},
  PUBLISHER = {Konvoj},
  ADDRESS =   {Brno},
  YEAR =      {1998},
  ISBN =      {80-85615-91-6},
  URL  =      {http://petr.olsak.net/tst.html},
}
